% This file was created with JabRef 2.10.
% Encoding: UTF8

@article{MSD,
	title = {Mean signed difference},
	year = {2021},
	author={en-academic Team},
	url = {https://en-academic.com/dic.nsf/enwiki/11718520}
}

@article{SNEVAL,
	title = {sneval},
	year = {2021},
	author={Microsoft Team},
	url = {https://github.com/opendp/smartnoise-sdk/blob/70be2c2c56d1674509a2a7daace60523e5768cba/eval/sneval/README.md}
}

@article{USC,
	title = {2020 Decennial Census: Disclosure Avoidance Modernization},
	year = {2021},
	author={Census Bureau},
	url = {https://www.census.gov/programs-surveys/decennial-census/decade/2020/planning-management/process/disclosure-avoidance.html}
}

@article{Smartnoise,
	title = {SmartNoise SDK: Tools for Differential Privacy on Tabular Data},
	year = {2021},
	author={Microsoft},
	url = {https://github.com/opendp/smartnoise-sdk}
}

@article{DPGoogle,
	title = {Differential Privacy},
	year = {2021},
	author={Google},
	url = {https://github.com/google/differential-privacy}
}

@article{diffprivlib,
	title={Diffprivlib: the {IBM} differential privacy library},
	author={Holohan, Naoise and Braghin, Stefano and Mac Aonghusa, P{\'o}l and Levacher, Killian},
	year={2019},
	journal = {ArXiv e-prints},
	archivePrefix = "arXiv",
	volume = {1907.02444 [cs.CR]},
	primaryClass = "cs.CR",
	month = jul
}


@article{OverviewDP,
	title = {Practicing Differential Privacy in
	Health Care: A Review},
	author={Fida K. Dankar, and Khaled El Emam},
	year = {2013},
	url = {https://www.researchgate.net/publication/288417434_Practicing_Differential_Privacy_in_Health_Care_A_Review}
}

@article{OpenDP,
	title = {OpenDP},
	author={Ethan Cowan, Philip Durbin und weiteren},
	year = {2021},
	url = {https://github.com/opendp/opendp}
}


@article{Apple,
	title = {Differential Privacy},
	author={Apple Team},
	year={2022},
	url = {https://www.apple.com/privacy/docs/Differential_Privacy_Overview.pdf}
}

@article{WDDef,
	title = {First Wasserstein Metric},
	year = {2021},
	author={Alex Hahn},
	url = {https://ash129.github.io/LAPP/wass.page.html}
}
@article{WDExplanation,
	title = {Wasserstein Distance, Contraction Mapping, and Modern RL Theory},
	year = {2020},
	author={Kowshik chilamkurthy},
	url = {https://kowshikchilamkurthy.medium.com/wasserstein-distance-contraction-mapping-and-modern-rl-theory-93ef740ae867}
}

@article{Santambrogio2015,
	author={Santambrogio, Filippo},
	title={Wasserstein distances and curves in the Wasserstein spaces},
	bookTitle={Optimal Transport for Applied Mathematicians: Calculus of Variations, PDEs, and Modeling},
	year={2015},
	publisher={Springer International Publishing},
	pages={177--218},
	url = {https://link.springer.com/chapter/10.1007/978-3-319-20828-2_5}
}


@article{BGMePa,
	title = {Die elektronische Patientenakte (ePa)},
	author = { Bundesgesundheitsministerium},
	year={2021},
	url = {https://www.bundesgesundheitsministerium.de/elektronische-patientenakte.html}
}


@article{ePaDatenbank,
	title = {Elektronische Patientenakte„Die sensibelsten Daten, die man überhaupt hat“},
	author = { Silke Lüder, Tobias Armbrüster},
	year = {2020},
	url = {https://www.deutschlandfunk.de/elektronische-patientenakte-die-sensibelsten-daten-die-man-100.html}
}

@article{RKIAltersverteilung,
	title = {COVID-19-Fälle nach Altersgruppe und Meldewoche (Tabelle wird jeden Donnerstag aktualisiert)},
	author = { Robert-Koch-Institut},
	year = {2022},
	url = {https://www.rki.de/DE/Content/InfAZ/N/Neuartiges_Coronavirus/Daten/Altersverteilung.html}
}

@article{Datenhub,
	title = {COVID-19 Datenhub- Bundesländer},
	author = {Robert-Koch-Institut},
	year = {2022},
	url = {https://npgeo-corona-npgeo-de.hub.arcgis.com/datasets/ef4b445a53c1406892257fe63129a8ea_0/explore?location=51.164254%2C8.127781%2C5.95}
}

@article{CovidItalien,
	title = {Novel Coronavirus COVID-19 Italy Dataset},
	year = {2022},
	author={CARMINE MINICHINI},
	url = {https://www.kaggle.com/virosky/italy-covid19?select=covid-age.csv}
}

@article{STD,
	title = {Standardabweichung: Berechnung und Bedeutung der Volatilität für den Aktienmarkt},
	author = {David Gerginov},
	year = {2019},
	url = {https://www.gevestor.de/finanzwissen/boerse/anlagenanalyse/standardabweichung-volatilitaet-549541.html}
}

@article{NetflixDataset,
	title = {Robust De-anonymization of Large Sparse Datasets},
	author = {Arvind Narayanan and Vitaly Shmatikov},
	year = {2008},
	url = {https://en-academic.com/dic.nsf/enwiki/11718520}
}


@manual{Sweeney2000,
	title = {Simple Demographics Often Identify People Uniquely },
	author = {Latanya Sweeney},
	year = {2000},
	url = {https://dataprivacylab.org/projects/identifiability/paper1.pdf}
}

@manual{L-Diversity,
	title = {l-Diversity: Privacy Beyond k-Anonymity},
	author = {ASHWIN MACHANAVAJJHALA, DANIEL KIFER, JOHANNES GEHRKE and MUTHURAMAKRISHNAN VENKITASUBRAMANIAM},
	year = {2007},
	url = {https://dl.acm.org/doi/pdf/10.1145/1217299.1217302}
}

@manual{T-Closeness,
	title = {t-Closeness: Privacy Beyond k-Anonymity and l-Diversity},
	author = {Ninghui Li, Tiancheng Li and Suresh Venkatasubramanian},
	year = {2007},
	url = {https://www.cs.purdue.edu/homes/ninghui/papers/t_closeness_icde07.pdf}
}

@manual{Dwork2006,
	title = {„Differential Privacy“. In: Automata, Languages and Programming.},
	author = {Cynthia Dwork},
	year = {2006},
	url = {https://link.springer.com/chapter/10.1007/11787006_1}
}

@manual{Hill2014,
	title = {A Quantitative Approach for Evaluating the Utility of a Differentially Private Behavioral Science Dataset},
	author = {R. Hill, M. Hansen, E. et al.},
	year = {2014},
	url = {https://ieeexplore.ieee.org/document/7052500}
}

@manual{TEM2021,
	title = {TEM: High Utility Metric Differential Privacy on Text},
	author = {Ricardo Silva Carvalho, Theodore Vasiloudis, Oluwaseyi Feyisetan},
	year = {2021},
	url = {https://arxiv.org/abs/2107.07928}
}
@manual{DPFramework,
	title = {A statistical framework for differential privacy},
	author = {Larry Wasserman, Shuheng ZhouLarry Wasserman, Shuheng Zhou},
	year = {2008},
	url = {https://arxiv.org/abs/0811.2501}
}

@manual{Duy2009,
	title = {Differential Privacy for Clinical Trial Data:
	Preliminary Evaluations},
	author = {Duy Vu, Aleksandra Slavkovi´c},
	year = {2009},
	url = {https://ieeexplore.ieee.org/abstract/document/5360513/figures#figures}
}

@manual{DPEasy2018,
	title = {Differential privacy in practice (easy version)},
	author = {Damien Desfontaines},
	year = {2018},
	url = {https://desfontain.es/privacy/differential-privacy-in-practice.html}
}

@manual{DPandSS2020,
	title = {Differential Privacy and Social Science: An Urgent Puzzle},
	author = { Daniel L. Oberski and Frauke Kreuter},
	year = {2020},
	url = {https://hdsr.mitpress.mit.edu/pub/g9o4z8au/release/3}
}

@manual{Seminar2017,
	title = {Differential Privacy: Seminar „Ist künstliche Intelligenz gefährlich?“ },
	author = { Mira Boehme},
	year = {2017},
	url = {https://hci.iwr.uni-heidelberg.de/system/files/private/downloads/182992120/boehme_differential-privacy-report.pdf}
}

@manual{AlgoFoundations2014,
	title = {The Algorithmic Foundations
	of Differential Privacy },
	author = { Cynthia Dwork, Aaron Roth},
	year = {2014},
	url = {https://www.cis.upenn.edu/~aaroth/Papers/privacybook.pdf}
}


@manual{MSE2022,
	title = {Mittlere quadratische Abweichung
	of Differential Privacy },
	author = { Jena},
	year = {2022},
	url = {http://www.biancahoegel.de/mathe/statistik/abweichung_mittel_quadrat.html}
}

@manual{SDLexikon,
	title = {Definition Standardabweichung},
	author={Statista Team},
	year={2022},
	url = {https://de.statista.com/statistik/lexikon/definition/126/standardabweichung/}
}

@manual{SDNormalverteilung,
	title = {Die Standardabweichung weiß, was der Durchschnitt nicht wissen kann},
	author = {  Maggie Klenke},
	year = {2016},
	url = {https://blog.injixo.com/de/personaleinsatzplanung/warum-die-standardabweichung-viel-mehr-aussagt-als-der-durchschnitt/}
	
}

@manual{Varianz,
	title = {Definition Varianz},
	author = {Statista Team},
	year = {2022},
	url = {https://de.statista.com/statistik/lexikon/definition/138/varianz/}
	
}

@manual{ETLexikon,
	title = {Erwartungstreue},
	author = {Prof. Dr. Udo Kamps},
	year={2022},
	url = {https://wirtschaftslexikon.gabler.de/definition/erwartungstreue-32015},
	
}
